<?xml version="1.0" encoding="UTF-8"?><record xmlns="http://www.loc.gov/MARC21/slim" xmlns:cinclude="http://apache.org/cocoon/include/1.0" xmlns:zs="http://www.loc.gov/zing/srw/">
  <leader>00532cz  a2200145n  4500</leader>
  <controlfield tag="001">nr 99000072 </controlfield>
  <controlfield tag="003">DLC</controlfield>
  <controlfield tag="005">20141220073920.0</controlfield>
  <controlfield tag="008">990104n| azannaabn          |n ana     c</controlfield>
  <datafield tag="010" ind1=" " ind2=" ">
    <subfield code="a">nr 99000072 </subfield>
  </datafield>
  <datafield tag="035" ind1=" " ind2=" ">
    <subfield code="a">(OCoLC)oca04890767</subfield>
  </datafield>
  <datafield tag="040" ind1=" " ind2=" ">
    <subfield code="a">CtY-BR</subfield>
    <subfield code="b">eng</subfield>
    <subfield code="e">rda</subfield>
    <subfield code="c">CtY-BR</subfield>
    <subfield code="d">DNLM</subfield>
  </datafield>
  <datafield tag="110" ind1="2" ind2=" ">
    <subfield code="a">Friends of the Abraham Lincoln Brigade</subfield>
  </datafield>
  <datafield tag="670" ind1=" " ind2=" ">
    <subfield code="a">WPA teachers in Spain, 1938?:</subfield>
    <subfield code="b">t.p. (W.P.A. Teachers Union Chapter of the Friends of the Abraham Lincoln Brigade)</subfield>
  </datafield>
  <datafield tag="670" ind1=" " ind2=" ">
    <subfield code="a">LC in RLIN, 4 Jan. 1999</subfield>
    <subfield code="b">(hdg: Friends of the Abraham Lincoln Brigade)</subfield>
  </datafield>
</record>